% This file was created with Citavi 6.14.0.0

@book{Tipler.2015,
 author = {Tipler, Paul A. and Mosca, Gene and Wagner, Jenny},
 year = {2015},
 title = {Physik},
 address = {Berlin, Heidelberg},
 publisher = {{Springer Berlin Heidelberg}},
 isbn = {978-3-642-54165-0},
 doi = {10.1007/978-3-642-54166-7}
}

@book{Skript.Kaloriemeter,
 author = {o.V.},
 year = {2021},
 title = {Skript im Physikgrundpraktikum. T3 - Wärmekapazität},
 address = {Universität Potsdam, Institut für Physik und Astronomie},
 publisher = {{Universität Potsdam}},
 url={https://moodle2.uni-potsdam.de/pluginfile.php/2512120/mod_resource/content/2/T3___W_armekapazit_at__Corona-2.pdf}
}